@article{daveiga17,
  title={BioContainers: an open-source and community-driven framework for software standardization},
  author={da Veiga Leprevost, Felipe and Gr{\"u}ning, Bj{\"o}rn A and Alves Aflitos, Saulo and R{\"o}st, Hannes L and Uszkoreit, Julian and Barsnes, Harald and Vaudel, Marc and Moreno, Pablo and Gatto, Laurent and Weber, Jonas and others},
  journal={Bioinformatics},
  volume={33},
  number={16},
  pages={2580--2582},
  year={2017},
  publisher={Oxford University Press}
}

@techreport{massie13,
  title={{ADAM}: {G}enomics Formats and Processing Patterns for Cloud Scale Computing},
  author={Massie, Matt and Nothaft, Frank and Hartl, Christopher and Kozanitis, Christos and Schumacher, Andr{\'e} and Joseph, Anthony D and Patterson, David A},
  year={2013},
  institution={UCB/EECS-2013-207, EECS Department, University of California, Berkeley}
}

@inproceedings{nothaft15,
  title={Rethinking Data-Intensive Science Using Scalable Analytics Systems},
  author={Nothaft, Frank A and Massie, Matt and Danford, Timothy and Zhang, Zhao and Laserson, Uri and Yeksigian, Carl and Kottalam, Jey and Ahuja, Arun and Hammerbacher, Jeff and Linderman, Michael and Franklin, Michael and Joseph, Anthony D. and Patterson, David A.},
  booktitle={Proceedings of the International Conference on Management of Data (SIGMOD '15)},
  year={2015},
  organization={ACM}
}

@phdthesis{nothaft17,
  title={Scalable systems and algorithms for genomic variant analysis},
  author={Nothaft, Frank Austin},
  year={2017},
  school={UC Berkeley}
}

@inproceedings{zaharia12,
  title={Resilient distributed datasets: {A} fault-tolerant abstraction for in-memory cluster computing},
  author={Zaharia, Matei and Chowdhury, Mosharaf and Das, Tathagata and Dave, Ankur and Ma, Justin and McCauley, Murphy and Franklin, Michael and Shenker, Scott and Stoica, Ion},
  booktitle={Proceedings of the Conference on Networked Systems Design and Implementation (NSDI '12)},
  pages={2},
  year={2012},
  organization={USENIX Association}
}

