@techreport{massie13,
  title={{ADAM}: Genomics Formats and Processing Patterns for Cloud Scale Computing},
  author={Massie, Matt and Nothaft, Frank and Hartl, Christopher and Kozanitis, Christos and Schumacher, Andr{\'e} and Joseph, Anthony D and Patterson, David A},
  year={2013},
  institution={UCB/EECS-2013-207, EECS Department, University of California, Berkeley}
}

@inproceedings{nothaft15,
  title={Rethinking Data-Intensive Science Using Scalable Analytics Systems},
  author={Nothaft, Frank A and Massie, Matt and Danford, Timothy and Zhang, Zhao and Laserson, Uri and Yeksigian, Carl and Kottalam, Jey and Ahuja, Arun and Hammerbacher, Jeff and Linderman, Michael and Franklin, Michael and Joseph, Anthony D. and Patterson, David A.},
  booktitle={Proceedings of the 2015 ACM SIGMOD International Conference on Management of Data (SIGMOD '15)},
  year={2015},
  organization={ACM}
}
