@article{dean08,
  title={{MapReduce}: simplified data processing on large clusters},
  author={Dean, Jeffrey and Ghemawat, Sanjay},
  journal={Communications of the ACM},
  volume={51},
  number={1},
  pages={107--113},
  year={2008},
  publisher={ACM}
}

@inproceedings{zaharia10,
  title={{S}park: cluster computing with working sets},
  author={Zaharia, Matei and Chowdhury, Mosharaf and Franklin, Michael J and Shenker, Scott and Stoica, Ion},
  booktitle={Proceedings of the USENIX Conference on Hot Topics in Cloud Computing (HotCloud '10)},
  pages={10},
  year={2010}
}

@article{freeman14,
  title={Mapping brain activity at scale with cluster computing},
  author={Freeman, Jeremy and Vladimirov, Nikita and Kawashima, Takashi and Mu, Yu and Sofroniew, Nicholas J and Bennett, Davis V and Rosen, Joshua and Yang, Chao-Tsung and Looger, Loren L and Ahrens, Misha B},
  journal={Nature Methods},
  volume={11},
  number={9},
  pages={941--950},
  year={2014},
  publisher={Nature Publishing Group}
}

@article{mckenna10,
  title={{The Genome Analysis Toolkit}: a {MapReduce} framework for analyzing next-generation {DNA} sequencing data},
  author={McKenna, Aaron and Hanna, Matthew and Banks, Eric and Sivachenko, Andrey and Cibulskis, Kristian and Kernytsky, Andrew and Garimella, Kiran and Altshuler, David and Gabriel, Stacey and Daly, Mark and others},
  journal={Genome Research},
  volume={20},
  number={9},
  pages={1297--1303},
  year={2010},
  publisher={Cold Spring Harbor Lab}
}

@inproceedings{nothaft15,
  title={Rethinking Data-Intensive Science Using Scalable Analytics Systems},
  author={Nothaft, Frank Austin and Massie, Matt and Danford, Timothy and Zhang, Zhao and Laserson, Uri and Yeksigian, Carl and Kottalam, Jey and Ahuja, Arun and Hammerbacher, Jeff and Linderman, Michael and Franklin, Michael J and Joseph, Anthony D and Patterson, David A},
  booktitle={Proceedings of the  ACM SIGMOD International Conference on Management of Data (SIGMOD '15)},
  year={2015}
}

@inproceedings{zaharia12,
  title={Resilient distributed datasets: A fault-tolerant abstraction for in-memory cluster computing},
  author={Zaharia, Matei and Chowdhury, Mosharaf and Das, Tathagata and Dave, Ankur and Ma, Justin and McCauley, Murphy and Franklin, Michael and Shenker, Scott and Stoica, Ion},
  booktitle={Proceedings of the USENIX Conference on Networked Systems Design and Implementation (NSDI '12)},
  pages={2},
  year={2012},
  organization={USENIX Association}
}

@article{goecks10,
  title={Galaxy: a comprehensive approach for supporting accessible, reproducible, and transparent computational research in the life sciences},
  author={Goecks, Jeremy and Nekrutenko, Anton and Taylor, James and {The Galaxy Team}},
  journal={Genome Biol},
  volume={11},
  number={8},
  pages={R86},
  year={2010}
}

@article{palsson10,
  title={The challenges of integrating multi-omic data sets},
  author={Palsson, Bernhard and Zengler, Karsten},
  journal={Nature chemical biology},
  volume={6},
  number={11},
  pages={787--789},
  year={2010},
  publisher={Nature Publishing Group}
}

@article{andrews14,
author = {Andrews, Kimberly R. and Luikart, Gordon},
title = {Recent novel approaches for population genomics data analysis},
journal = {Molecular Ecology},
volume = {23},
number = {7},
issn = {1365-294X},
url = {http://dx.doi.org/10.1111/mec.12686},
doi = {10.1111/mec.12686},
pages = {1661--1667},
keywords = {bioinformatics, computational analyses, genomic course, next-generation sequencing, statistical genetics, workshop},
year = {2014},
}

@article{auwera13,
  title={From {FastQ} Data to High-Confidence Variant Calls: The {Genome Analysis Toolkit} Best Practices Pipeline},
  author={Auwera, Geraldine A and Carneiro, Mauricio O and Hartl, Christopher and Poplin, Ryan and del Angel, Guillermo and Levy-Moonshine, Ami and Jordan, Tadeusz and Shakir, Khalid and Roazen, David and Thibault, Joel and others},
  journal={Current Protocols in Bioinformatics},
  pages={11--10},
  year={2013},
  publisher={Wiley Online Library}
}

@inproceedings{janapa10,
  title={Web search using mobile cores: quantifying and mitigating the price of efficiency},
  author={Janapa Reddi, Vijay and Lee, Benjamin C and Chilimbi, Trishul and Vaid, Kushagra},
  booktitle={Proceedings of the IEEE/ACM International Symposium on Computer Architecture (ISCA '10)},
  volume={38},
  number={3},
  pages={314--325},
  year={2010},
  publisher={ACM}
}

@article{li11,
  title={A statistical framework for {SNP} calling, mutation discovery, association mapping and population genetical parameter estimation from sequencing data},
  author={Li, Heng},
  journal={Bioinformatics},
  volume={27},
  number={21},
  pages={2987--2993},
  year={2011},
  publisher={Oxford Univ Press}
}

@inproceedings{bloniarz14,
  title={Changepoint Analysis for Efficient Variant Calling},
  author={Bloniarz, Adam and Talwalkar, Ameet and Terhorst, Jonathan and Jordan, Michael I and Patterson, David and Yu, Bin and Song, Yun S},
  booktitle={Research in Computational Molecular Biology},
  pages={20--34},
  year={2014},
  organization={Springer}
}

@article{pevzner01,
  title={An Eulerian path approach to DNA fragment assembly},
  author={Pevzner, Pavel A and Tang, Haixu and Waterman, Michael S},
  journal={Proceedings of the National Academy of Sciences},
  volume={98},
  number={17},
  pages={9748--9753},
  year={2001},
  publisher={National Acad Sciences}
}

@article{zaharia11,
  title={Faster and more accurate sequence alignment with {SNAP}},
  author={Zaharia, Matei and Bolosky, William J and Curtis, Kristal and Fox, Armando and Patterson, David and Shenker, Scott and Stoica, Ion and Karp, Richard M and Sittler, Taylor},
  journal={arXiv preprint arXiv:1111.5572},
  year={2011}
}

@article{weingarten14,
  title={The grammar of transcriptional regulation},
  author={Weingarten-Gabbay, Shira and Segal, Eran},
  journal={Human genetics},
  volume={133},
  number={6},
  pages={701--711},
  year={2014},
  publisher={Springer}
}

@article{levo14,
  title={In pursuit of design principles of regulatory sequences},
  author={Levo, Michal and Segal, Eran},
  journal={Nature Reviews Genetics},
  volume={15},
  number={7},
  pages={453--468},
  year={2014},
  publisher={Nature Publishing Group}
}

@article{weinstein13,
  title={The cancer genome atlas pan-cancer analysis project},
  author={Weinstein, John N and Collisson, Eric A and Mills, Gordon B and Shaw, Kenna R Mills and Ozenberger, Brad A and Ellrott, Kyle and Shmulevich, Ilya and Sander, Chris and Stuart, Joshua M and {Cancer Genome Atlas Research Network} and others},
  journal={Nature genetics},
  volume={45},
  number={10},
  pages={1113--1120},
  year={2013},
  publisher={Nature Publishing Group}
}

@misc{dataprotocols,
  title={Data Protocols},
  howpublished={\url{http://dataprotocols.org/}},
  author={{Open Knowledge Foundation Labs}}
}

@misc{parquet,
  title={Parquet},
  howpublished={\url{http://parquet.incubator.apache.org}},
  author={Apache}
}

@article{melnik10,
  title={Dremel: interactive analysis of web-scale datasets},
  author={Melnik, Sergey and Gubarev, Andrey and Long, Jing Jing and Romer, Geoffrey and Shivakumar, Shiva and Tolton, Matt and Vassilakis, Theo},
  journal={Proceedings of the VLDB Endowment},
  volume={3},
  number={1-2},
  pages={330--339},
  year={2010},
  publisher={VLDB Endowment}
}

@article{fritz11,
  title={Efficient storage of high throughput {DNA} sequencing data using reference-based compression},
  author={Fritz, Markus Hsi-Yang and Leinonen, Rasko and Cochrane, Guy and Birney, Ewan},
  journal={Genome Research},
  volume={21},
  number={5},
  pages={734--740},
  year={2011},
  publisher={Cold Spring Harbor Lab}
}

@inproceedings{armbrust15,
  title={Spark {SQL}: Relational Data Processing in {S}park},
  author={Armbrust, Michael and Xin, Reynold S. and Lian, Cheng and Huai, Yin and Liu, Davies and Bradley, Joseph K. and Meng, Xiangrui and Kaftan, Tomer and Franklin, Michael J. and Ghodsi, Ali and Zaharia, Matei},
  booktitle={Proceedings of the ACM SIGMOD International Conference on Management of Data (SIGMOD '15)},  year={2015}
}

@inproceedings{kornacker15,
  title={Impala: A Modern, Open-Source {SQL} Engine for {H}adoop},
  author={Kornacker, Marcel and Behm, Alexander and Bittorf, Victor and Bobrovytsky, Taras and Ching, Casey and Choi, Alan and Erickson, Justin and Grund, Martin and Hecht, Daniel and Jacobs, Matthew and Joshi, Ishaan and Kuff, Lenni and Kumar, Dileep and Leblang, Alex and Li, Nong and Pandis, Ippokratis and Robinson, Henry and Rorke, David and Rus, Silvius and Russel, John and Tsirogiannis, Dimitris and Wanderman-Milne, Skye and Yoder, Michael},
  booktitle={Proceedings of the Conference on Innovative Data Systems Research (CIDR '15)},
  year={2015}
}

@article{quinlan10,
  title={{BEDT}ools: a flexible suite of utilities for comparing genomic features},
  author={Quinlan, Aaron R and Hall, Ira M},
  journal={Bioinformatics},
  volume={26},
  number={6},
  pages={841--842},
  year={2010},
  publisher={Oxford Univ Press}
}

@article{prufer14,
  title={The complete genome sequence of a {N}eanderthal from the {Altai Mountains}},
  author={Pr{\"u}fer, Kay and Racimo, Fernando and Patterson, Nick and Jay, Flora and Sankararaman, Sriram and Sawyer, Susanna and Heinze, Anja and Renaud, Gabriel and Sudmant, Peter H and de Filippo, Cesare and others},
  journal={Nature},
  volume={505},
  number={7481},
  pages={43--49},
  year={2014},
  publisher={Nature Publishing Group}
}