@article{albers11,
  title={Dindel: {A}ccurate indel calls from short-read data},
  author={Albers, Cornelis A and Lunter, Gerton and MacArthur, Daniel G and McVean, Gilean and Ouwehand, Willem H and Durbin, Richard},
  journal={Genome research},
  volume={21},
  number={6},
  pages={961--973},
  year={2011},
  publisher={Cold Spring Harbor Lab}
}

@article{depristo11,
  title={A framework for variation discovery and genotyping using next-generation {DNA} sequencing data},
  author={DePristo, Mark A and Banks, Eric and Poplin, Ryan and Garimella, Kiran V and Maguire, Jared R and Hartl, Christopher and Philippakis, Anthony A and del Angel, Guillermo and Rivas, Manuel A and Hanna, Matt and others},
  journal={Nature genetics},
  volume={43},
  number={5},
  pages={491--498},
  year={2011},
  publisher={Nature Publishing Group}
}

@article{narzisi14,
  title={Accurate de novo and transmitted indel detection in exome-capture data using microassembly},
  author={Narzisi, Giuseppe and O'Rawe, Jason A and Iossifov, Ivan and Fang, Han and Lee, Yoon-ha and Wang, Zihua and Wu, Yiyang and Lyon, Gholson J and Wigler, Michael and Schatz, Michael C},
  journal={Nature methods},
  volume={11},
  number={10},
  pages={1033--1036},
  year={2014},
  publisher={Nature Publishing Group}
}

@article{rimmer14,
  title={Integrating mapping-, assembly- and haplotype-based approaches for calling variants in clinical sequencing applications},
  author={Rimmer, Andy and Phan, Hang and Mathieson, Iain and Iqbal, Zamin and Twigg, Stephen RF and Wilkie, Andrew OM and McVean, Gil and Lunter, Gerton and {WGS500 Consortium} and others},
  journal={Nature genetics},
  volume={46},
  number={8},
  pages={912--918},
  year={2014},
  publisher={Nature Publishing Group}
}

@article{iqbal12,
  title={De novo assembly and genotyping of variants using colored de {Bruijn} graphs},
  author={Iqbal, Zamin and Caccamo, Mario and Turner, Isaac and Flicek, Paul and McVean, Gil},
  journal={Nature genetics},
  volume={44},
  number={2},
  pages={226--232},
  year={2012},
  publisher={Nature Research}
}

@article{bao14,
  title={Review of Current Methods, Applications, and Data Management for the Bioinformatics Analysis of Whole Exome Sequencing},
  author={Bao, Riyue and Huang, Lei and Andrade, Jorge and Tan, Wei and Kibbe, Warren A and Jiang, Hongmei and Feng, Gang},
  journal={Cancer informatics},
  volume={13},
  number={Suppl 2},
  pages={67},
  year={2014},
  publisher={Libertas Academica}
}

@inproceedings{bloniarz14,
  title={Changepoint Analysis for Efficient Variant Calling},
  author={Bloniarz, Adam and Talwalkar, Ameet and Terhorst, Jonathan and Jordan, Michael I and Patterson, David and Yu, Bin and Song, Yun S},
  booktitle={Research in Computational Molecular Biology (RECOMB '14)},
  pages={20--34},
  year={2014},
  organization={Springer}
}

@book{durbin98,
  title={Biological Sequence Analysis: {P}robabilistic Models of Proteins and Nucleic Acids},
  author={Durbin, Richard and Eddy, Sean R and Krogh, Anders and Mitchison, Graeme},
  year={1998},
  publisher={Cambridge Univ Press}
}

@article{talwalkar14,
  title={{SMASH}: {A} Benchmarking Toolkit for Human Genome Variant Calling},
  author={Talwalkar, Ameet and Liptrap, Jesse and Newcomb, Julie and Hartl, Christopher and Terhorst, Jonathan and Curtis, Kristal and Bresler, Ma'ayan and Song, Yun S and Jordan, Michael I and Patterson, David},
  journal={Bioinformatics},
  pages={btu345},
  year={2014},
  publisher={Oxford Univ Press}
}

@article{garrison12,
  title={Haplotype-based variant detection from short-read sequencing},
  author={Garrison, Erik and Marth, Gabor},
  journal={arXiv preprint arXiv:1207.3907},
  year={2012}
}

@article{zaharia11,
  title={Faster and more accurate sequence alignment with {SNAP}},
  author={Zaharia, Matei and Bolosky, William J and Curtis, Kristal and Fox, Armando and Patterson, David and Shenker, Scott and Stoica, Ion and Karp, Richard M and Sittler, Taylor},
  journal={arXiv preprint arXiv:1111.5572},
  year={2011}
}

@inproceedings{zaharia10,
  title={{S}park: {C}luster computing with working sets},
  author={Zaharia, Matei and Chowdhury, Mosharaf and Franklin, Michael J and Shenker, Scott and Stoica, Ion},
  booktitle={Proceedings of the Conference on Hot Topics in Cloud Computing (HotCloud '10)},
  pages={10},
  year={2010}
}

@inproceedings{zaharia12,
  title={Resilient distributed datasets: {A} fault-tolerant abstraction for in-memory cluster computing},
  author={Zaharia, Matei and Chowdhury, Mosharaf and Das, Tathagata and Dave, Ankur and Ma, Justin and McCauley, Murphy and Franklin, Michael and Shenker, Scott and Stoica, Ion},
  booktitle={Proceedings of the Conference on Networked Systems Design and Implementation (NSDI '12)},
  pages={2},
  year={2012},
  organization={USENIX Association}
}

@article{landau86,
  title={Efficient string matching with $k$ mismatches},
  author={Landau, Gad M and Vishkin, Uzi},
  journal={Theoretical Computer Science},
  volume={43},
  pages={239--249},
  year={1986},
  publisher={Elsevier}
}

@article{ukkonen85,
  title={Algorithms for approximate string matching},
  author={Ukkonen, Esko},
  journal={Information and control},
  volume={64},
  number={1},
  pages={100--118},
  year={1985},
  publisher={Elsevier}
}

@article{smith81,
  title={Identification of common molecular subsequences},
  author={Smith, Temple F and Waterman, Michael S},
  journal={Journal of molecular biology},
  volume={147},
  number={1},
  pages={195--197},
  year={1981},
  publisher={Elsevier}
}

@article{zerbino09,
  title={Pebble and rock band: {H}euristic resolution of repeats and scaffolding in the {V}elvet short-read de novo assembler},
  author={Zerbino, Daniel R and McEwen, Gayle K and Margulies, Elliott H and Birney, Ewan},
  journal={PloS one},
  volume={4},
  number={12},
  pages={e8407},
  year={2009},
  publisher={Public Library of Science}
}

@article{nakamura11,
  title={Sequence-specific error profile of {I}llumina sequencers},
  author={Nakamura, Kensuke and Oshima, Taku and Morimoto, Takuya and Ikeda, Shun and Yoshikawa, Hirofumi and Shiwa, Yuh and Ishikawa, Shu and Linak, Margaret C and Hirai, Aki and Takahashi, Hiroki and others},
  journal={Nucleic acids research},
  pages={gkr344},
  year={2011},
  publisher={Oxford Univ Press}
}

@article{danecek11,
  title={The variant call format and {VCF}tools},
  author={Danecek, Petr and Auton, Adam and Abecasis, Goncalo and Albers, Cornelis A and Banks, Eric and DePristo, Mark A and Handsaker, Robert E and Lunter, Gerton and Marth, Gabor T and Sherry, Stephen T and others},
  journal={Bioinformatics},
  volume={27},
  number={15},
  pages={2156--2158},
  year={2011},
  publisher={Oxford Univ Press}
}

@inproceedings{shvachko10,
  title={The {H}adoop distributed file system},
  author={Shvachko, Konstantin and Kuang, Hairong and Radia, Sanjay and Chansler, Robert},
  booktitle={Proceedings of the Symposium on Mass Storage Systems and Technologies (MSST '10)},
  pages={1--10},
  year={2010},
  organization={IEEE}
}

@inproceedings{vavilapalli13,
  title={{A}pache {H}adoop {YARN}: {Y}et another resource negotiator},
  author={Vavilapalli, Vinod Kumar and Murthy, Arun C and Douglas, Chris and Agarwal, Sharad and Konar, Mahadev and Evans, Robert and Graves, Thomas and Lowe, Jason and Shah, Hitesh and Seth, Siddharth and others},
  booktitle={Proceedings of the Symposium on Cloud Computing (SoCC '13)},
  pages={5},
  year={2013},
  organization={ACM}
}

@article{li09,
  title={The sequence alignment/map format and {SAM}tools},
  author={Li, Heng and Handsaker, Bob and Wysoker, Alec and Fennell, Tim and Ruan, Jue and Homer, Nils and Marth, Gabor and Abecasis, Goncalo and Durbin, Richard and others},
  journal={Bioinformatics},
  volume={25},
  number={16},
  pages={2078--2079},
  year={2009},
  publisher={Oxford Univ Press}
}

@article{li11,
  title={A statistical framework for {SNP} calling, mutation discovery, association mapping and population genetical parameter estimation from sequencing data},
  author={Li, Heng},
  journal={Bioinformatics},
  volume={27},
  number={21},
  pages={2987--2993},
  year={2011},
  publisher={Oxford Univ Press}
}

@article{li14,
  title={Towards Better Understanding of Artifacts in Variant Calling from High-Coverage Samples},
  author={Li, Heng},
  journal={arXiv preprint arXiv:1404.0929},
  year={2014}
}

@article{kingsford10,
  title={Assembly complexity of prokaryotic genomes using short reads},
  author={Kingsford, Carl and Schatz, Michael C and Pop, Mihai},
  journal={BMC bioinformatics},
  volume={11},
  number={1},
  pages={21},
  year={2010},
  publisher={BioMed Central Ltd}
}

@article{fang14,
  title={Reducing {INDEL} calling errors in whole genome and exome sequencing data},
  author={Fang, Han and Wu, Yiyang and Narzisi, Giuseppe and O'Rawe, Jason A and Barr{\'o}n, Laura T Jimenez and Rosenbaum, Julie and Ronemus, Michael and Iossifov, Ivan and Schatz, Michael C and Lyon, Gholson J},
  journal={Genome Med},
  volume={6},
  pages={89},
  year={2014}
}

@techreport{massie13,
  title={{ADAM}: {G}enomics Formats and Processing Patterns for Cloud Scale Computing},
  author={Massie, Matt and Nothaft, Frank and Hartl, Christopher and Kozanitis, Christos and Schumacher, Andr{\'e} and Joseph, Anthony D and Patterson, David A},
  year={2013},
  institution={UCB/EECS-2013-207, EECS Department, University of California, Berkeley}
}

@inproceedings{nothaft15,
  title={Rethinking Data-Intensive Science Using Scalable Analytics Systems},
  author={Nothaft, Frank A and Massie, Matt and Danford, Timothy and Zhang, Zhao and Laserson, Uri and Yeksigian, Carl and Kottalam, Jey and Ahuja, Arun and Hammerbacher, Jeff and Linderman, Michael and Franklin, Michael and Joseph, Anthony D. and Patterson, David A.},
  booktitle={Proceedings of the International Conference on Management of Data (SIGMOD '15)},
  year={2015},
  organization={ACM}
}

@techreport{nothaft15avocado,
  title={Scalable Genome Resequencing with {ADAM} and avocado},
  author={Nothaft, Frank A},
  year={2015},
  institution={UCB/EECS-2015-65, EECS Department, University of California, Berkeley}
}

@article{1kg,
  title={A global reference for human genetic variation},
  author={{1000 Genomes Project Consortium}},
  journal={Nature},
  volume={526},
  number={7571},
  pages={68--74},
  year={2015},
  publisher={Nature Publishing Group}
}

@article{zook15,
  title={Integrating human sequence data sets provides a resource of benchmark {SNP} and {INDEL} genotype calls},
  author={Zook, Justin M and Chapman, Brad and Wang, Jason and Mittelman, David and Hofmann, Oliver and Hide, Winston and Salit, Marc},
  journal={Nature},
  volume={201},
  pages={4},
  year={2015}
}

@article{paten15,
  title={The {NIH} {BD2K} center for {B}ig {D}ata in {T}ranslational {G}enomics},
  author={Paten, Benedict and Diekhans, Mark and Druker, Brian J and Friend, Stephen and Guinney, Justin and Gassner, Nadine and Guttman, Mitchell and Kent, W James and Mantey, Patrick and Margolin, Adam A and others},
  journal={Journal of the American Medical Informatics Association (JAMIA)},
  volume={22},
  number={6},
  pages={1143--1147},
  year={2015},
  publisher={The Oxford University Press}
}

@article{vivian16,
  title={Rapid and efficient analysis of 20,000 {RNA}-seq samples with {T}oil},
  author={Vivian, John and Rao, Arjun and Nothaft, Frank Austin and Ketchum, Christopher and Armstrong, Joel and Novak, Adam and Pfeil, Jacob and Narkizian, Jake and Deran, Alden D and Musselman-Brown, Audrey and others},
  journal={bioRxiv},
  pages={062497},
  year={2016},
  publisher={Cold Spring Harbor Labs Journals}
}

@article{langmead09crossbow,
  title={Searching for {SNP}s with cloud computing},
  author={Langmead, Ben and Schatz, Michael C and Lin, Jimmy and Pop, Mihai and Salzberg, Steven L},
  journal={Genome biology},
  volume={10},
  number={11},
  pages={R134},
  year={2009},
  publisher={BioMed Central}
}

@article{li09snp,
  title={{SNP} detection for massively parallel whole-genome resequencing},
  author={Li, Ruiqiang and Li, Yingrui and Fang, Xiaodong and Yang, Huanming and Wang, Jian and Kristiansen, Karsten and Wang, Jun},
  journal={Genome research},
  volume={19},
  number={6},
  pages={1124--1132},
  year={2009},
  publisher={Cold Spring Harbor Lab}
}

@article{langmead09bowtie,
  title={Ultrafast and memory-efficient alignment of short {DNA} sequences to the human genome},
  author={Langmead, Ben and Trapnell, Cole and Pop, Mihai and Salzberg, Steven L},
  journal={Genome biology},
  volume={10},
  number={3},
  pages={R25},
  year={2009},
  publisher={BioMed Central}
}

@article{pinard06,
  title={Assessment of whole genome amplification-induced bias through high-throughput, massively parallel whole genome sequencing},
  author={Pinard, Robert and de Winter, Alex and Sarkis, Gary J and Gerstein, Mark B and Tartaro, Karrie R and Plant, Ramona N and Egholm, Michael and Rothberg, Jonathan M and Leamon, John H},
  journal={BMC Genomics},
  volume={7},
  number={1},
  pages={216},
  year={2006},
  publisher={BioMed Central}
}

@article{chiang15,
  title={{SpeedSeq}: {U}ltra-fast personal genome analysis and interpretation},
  author={Chiang, Colby and Layer, Ryan M and Faust, Gregory G and Lindberg, Michael R and Rose, David B and Garrison, Erik P and Marth, Gabor T and Quinlan, Aaron R and Hall, Ira M},
  journal={Nature methods},
  volume={12},
  number={10},
  pages={966--968},
  year={2015},
  publisher={Nature Publishing Group}
}

@article{kozanitis16,
  title={{GenAp}: {A} distributed {SQL} interface for genomic data},
  author={Kozanitis, Christos and Patterson, David A},
  journal={BMC bioinformatics},
  volume={17},
  number={1},
  pages={63},
  year={2016},
  publisher={BioMed Central}
}

@article{schadt10,
  title={Computational solutions to large-scale data management and analysis},
  author={Schadt, Eric E and Linderman, Michael D and Sorenson, Jon and Lee, Lawrence and Nolan, Garry P},
  journal={Nature Reviews Genetics},
  volume={11},
  number={9},
  pages={647--657},
  year={2010},
  publisher={Nature Publishing Group}
}

@article{muir16,
  title={The real cost of sequencing: {S}caling computation to keep pace with data generation},
  author={Muir, Paul and Li, Shantao and Lou, Shaoke and Wang, Daifeng and Spakowicz, Daniel J and Salichos, Leonidas and Zhang, Jing and Weinstock, George M and Isaacs, Farren and Rozowsky, Joel and others},
  journal={Genome biology},
  volume={17},
  number={1},
  pages={53},
  year={2016},
  publisher={BioMed Central}
}

@misc{picard,
  title={Picard},
  howpublished={\url{http://broadinstitute.github.io/picard/}},
  author={{The Broad Institute of Harvard and MIT}},
  year={2014}
}

@article{li10,
  title={Fast and accurate long-read alignment with {B}urrows--{W}heeler transform},
  author={Li, Heng and Durbin, Richard},
  journal={Bioinformatics},
  volume={26},
  number={5},
  pages={589--595},
  year={2010},
  publisher={Oxford Univ Press}
}

@article{sherry01,
  title={{dbSNP}: the {NCBI} database of genetic variation},
  author={Sherry, Stephen T and Ward, M-H and Kholodov, M and Baker, J and Phan, Lon and Smigielski, Elizabeth M and Sirotkin, Karl},
  journal={Nucleic acids research},
  volume={29},
  number={1},
  pages={308--311},
  year={2001},
  publisher={Oxford Univ Press}
}

@article{stein10,
  title={The case for cloud computing in genome informatics},
  author={Stein, Lincoln D and others},
  journal={Genome Biology},
  volume={11},
  number={5},
  pages={207},
  year={2010}
}

@article{schatz09,
  title={{CloudBurst}: highly sensitive read mapping with {MapReduce}},
  author={Schatz, Michael C},
  journal={Bioinformatics},
  volume={25},
  number={11},
  pages={1363--1369},
  year={2009},
  publisher={Oxford Univ Press}
}

@article{langmead09,
  title={Searching for {SNP}s with cloud computing},
  author={Langmead, Ben and Schatz, Michael C and Lin, Jimmy and Pop, Mihai and Salzberg, Steven L},
  journal={Genome Biology},
  volume={10},
  number={11},
  pages={R134},
  year={2009}
}

@article{mckenna10,
  title={{The Genome Analysis Toolkit}: a {MapReduce} framework for analyzing next-generation {DNA} sequencing data},
  author={McKenna, Aaron and Hanna, Matthew and Banks, Eric and Sivachenko, Andrey and Cibulskis, Kristian and Kernytsky, Andrew and Garimella, Kiran and Altshuler, David and Gabriel, Stacey and Daly, Mark and others},
  journal={Genome Research},
  volume={20},
  number={9},
  pages={1297--1303},
  year={2010},
  publisher={Cold Spring Harbor Lab}
}

@article{niemenmaa12,
  title={{H}adoop-{BAM}: directly manipulating next generation sequencing data in the cloud},
  author={Niemenmaa, Matti and Kallio, Aleksi and Schumacher, Andr{\'e} and Klemel{\"a}, Petri and Korpelainen, Eija and Heljanko, Keijo},
  journal={Bioinformatics},
  volume={28},
  number={6},
  pages={876--877},
  year={2012},
  publisher={Oxford Univ Press}
}

@article{schumacher14,
  title={{SeqPig}: simple and scalable scripting for large sequencing data sets in {H}adoop},
  author={Schumacher, Andr{\'e} and Pireddu, Luca and Niemenmaa, Matti and Kallio, Aleksi and Korpelainen, Eija and Zanetti, Gianluigi and Heljanko, Keijo},
  journal={Bioinformatics},
  volume={30},
  number={1},
  pages={119--120},
  year={2014},
  publisher={Oxford Univ Press}
}

@article{nordberg13,
  title={{BioPig}: a {H}adoop-based analytic toolkit for large-scale sequence data},
  author={Nordberg, Henrik and Bhatia, Karan and Wang, Kai and Wang, Zhong},
  journal={Bioinformatics},
  volume={29},
  number={23},
  pages={3014--3019},
  year={2013},
  publisher={Oxford Univ Press}
}

@misc{parquet,
  title={Parquet},
  howpublished={\url{http://parquet.apache.org}},
  author={Apache}
}

@misc{avro,
  title={Avro},
  howpublished={\url{http://avro.apache.org}},
  author={Apache}
}

@article{zimmermann80,
  title={{OSI} reference model--The {ISO} model of architecture for open systems interconnection},
  author={Zimmermann, Hubert},
  journal={IEEE Transactions on Communications},
  volume={28},
  number={4},
  pages={425--432},
  year={1980},
  publisher={IEEE}
}

@article{fritz11,
  title={Efficient storage of high throughput {DNA} sequencing data using reference-based compression},
  author={Fritz, Markus Hsi-Yang and Leinonen, Rasko and Cochrane, Guy and Birney, Ewan},
  journal={Genome Research},
  volume={21},
  number={5},
  pages={734--740},
  year={2011},
  publisher={Cold Spring Harbor Lab}
}

@article{bafna13,
  title={Abstractions for genomics},
  author={Bafna, Vineet and Deutsch, Alin and Heiberg, Andrew and Kozanitis, Christos and Ohno-Machado, Lucila and Varghese, George},
  journal={Communications of the ACM},
  volume={56},
  number={1},
  pages={83--93},
  year={2013},
  publisher={ACM}
}

@article{kozanitis14,
  title={Using {G}enome {Q}uery {L}anguage to uncover genetic variation},
  author={Kozanitis, Christos and Heiberg, Andrew and Varghese, George and Bafna, Vineet},
  journal={Bioinformatics},
  volume={30},
  number={1},
  pages={1--8},
  year={2014},
  publisher={Oxford Univ Press}
}

@inproceedings{armbrust15,
  title={Spark {SQL}: Relational Data Processing in {S}park},
  author={Armbrust, Michael and Xin, Reynold S. and Lian, Cheng and Huai, Yin and Liu, Davies and Bradley, Joseph K. and Meng, Xiangrui and Kaftan, Tomer and Franklin, Michael J. and Ghodsi, Ali and Zaharia, Matei},
  booktitle={Proceedings of the ACM SIGMOD International Conference on Management of Data (SIGMOD '15)},  year={2015}
}

@article{cock10,
  title={The {Sanger} {FASTQ} file format for sequences with quality scores, and the {S}olexa/{I}llumina {FASTQ} variants},
  author={Cock, Peter JA and Fields, Christopher J and Goto, Naohisa and Heuer, Michael L and Rice, Peter M},
  journal={Nucleic acids research},
  volume={38},
  number={6},
  pages={1767--1771},
  year={2010},
  publisher={Oxford Univ Press}
}
